@article{Hornik,
title = "Multilayer feedforward networks are universal approximators",
journal = "Neural Networks ",
volume = "2",
number = "5",
pages = "359 - 366",
year = "1989",
note = "",
issn = "0893-6080",
doi = "http://dx.doi.org/10.1016/0893-6080(89)90020-8",
url = "http://weber.ucsd.edu/~hwhite/pub_files/hwcv-028.pdf",
author = "Kurt Hornik and Maxwell Stinchcombe and Halbert White",
keywords = "Feedforward networks",
keywords = "Universal approximation",
keywords = "Mapping networks",
keywords = "Network representation capability",
keywords = "Stone-Weierstrass Theorem",
keywords = "Squashing functions",
keywords = "Sigma-Pi networks",
keywords = "Back-propagation networks "
}

@book{trappenberg,
  title={Fundamentals of Computational Neuroscience},
  author={Trappenberg, T.},
  isbn={9780199568413},
  lccn={2009043549},
  series={Fundamentals of Computational Neuroscience},
  url={http://books.google.com/books?id=1xSLktiRAX4C},
  year={2010},
  publisher={OUP Oxford}
}

@Misc{brain,
author = {harthur},
title = {Brain.js},
howpublished = {https://github.com/harthur/brain},
year = {2011--2013}
}

@Misc{wolfram,
author = {Stephen Wolfram},
title = {WolframAlpha},
howpublished = {http://www.wolframalpha.com/},
year = {2013}
}